@preamble{"\providecommand{\HickernellFJ}{Hickernell}"}

@book{numpy,
  author = {Travis Oliphant},
  title = {Guide to {NumPy}},
  year = {2006},
  volume = {1}, 
  publisher = {Trelgol Publishing USA},
  url = "https://ecs.wgtn.ac.nz/foswiki/pub/Support/ManualPagesAndDocumentation/numpybook.pdf"}
  
